@inproceedings{Hinks2013,
author = {Hinks, Joanna and Linares, Richard and Crassidis, John},
year = {2013},
month = aug,
pages = {},
title = {Attitude Observability from Light Curve Measurements},
isbn = {978-1-62410-224-0},
booktitle = {AIAA Guidance, Navigation, and Control (GNC) Conference},
doi = {10.2514/6.2013-5005}
}

@techreport{esa2023,
	author = {},
	institution = {ESA Space Debris Office},
	title = {{ESA's Annual Space Environment Report}},
	year = {2023},
	note = {[Online; accessed 9. Oct. 2023]. Available at \url{https://www.sdo.esoc.esa.int/environment_report/Space_Environment_Report_latest.pdf}}
}

@techreport{nasa2023,
	author = {},
	institution = {NASA Orbital Debris Program Office},
	title = {{Orbital Debris Quarterly News}},
	year = {2023},
	month = mar,
	note = {[Online; accessed 9. Oct. 2023]. Available at \url{https://orbitaldebris.jsc.nasa.gov/quarterly-news/pdfs/ODQNv27i1.pdf}}
}